@book{SaganCosmos,
    title = {{Cosmos}},
    author = {Sagan, Carl},
    pages = {365},
    url = {https://catalogue.nla.gov.au/Record/2902735?lookfor=carl%20sagan&offset=2&max=45},
    isbn = {0394502949}
}

@book{Hawking2010TheDesign,
    title = {{The grand design}},
    year = {2010},
    author = {Hawking, Stephen and Mlodinow, Leonard},
    pages = {198},
    publisher = {Bantam Books},
    isbn = {9780553805376}
}